%% This BibTeX bibliography file was created using BibDesk.
%% http://bibdesk.sourceforge.net/

%% Created for Yumou Wei at 2017-04-17 10:36:02 +0800 


%% Saved with string encoding Unicode (UTF-8) 


@preamble{"\newcommand{\noopsort}[1]{} " #
   "\newcommand{\printfirst}[2]{#1} " #
   "\newcommand{\singleletter}[1]{#1} " #
   "\newcommand{\switchargs}[2]{#2#1} "}



@webpage{NCAA17,
	Author = {Wikipedia},
	Bdsk-Url-1 = {https://en.wikipedia.org/wiki/NCAA_Division_I_Men\%27s_Basketball_Tournament},
	Date-Added = {2017-04-16 02:34:24 +0000},
	Date-Modified = {2017-04-17 02:35:56 +0000},
	Month = {April},
	Title = {NCAA Division \RNum{1} Men's Basketball Tournament},
	Url = {https://en.wikipedia.org/wiki/NCAA_Division_I_Men\%27s_Basketball_Tournament},
	Urldate = {15 April 2017},
	Year = {2017}}

@webpage{WIK17,
	Author = {Wikipedia\vspace{0mm}},
	Date-Added = {2017-04-16 02:34:24 +0000},
	Date-Modified = {2017-04-17 02:36:02 +0000},
	Month = {March},
	Title = {Rating Percentage Index},
	Url = {https://en.wikipedia.org/wiki/Rating_Percentage_Index},
	Urldate = {16 April 2017},
	Year = {2017}}

@webpage{NP17,
	Author = {Net Prophet},
	Date-Added = {2017-04-16 02:34:24 +0000},
	Date-Modified = {2017-04-17 02:35:42 +0000},
	Month = {April},
	Title = {Exploring algorithms for predicting NCAA basketball games},
	Url = {http://netprophetblog.blogspot.sg/},
	Urldate = {16 April 2017},
	Year = {2017}}

@webpage{NP15,
	Author = {Net Prophet\vspace{0mm}},
	Date-Added = {2017-04-16 02:34:24 +0000},
	Date-Modified = {2017-04-17 02:35:50 +0000},
	Month = {February},
	Title = {Five Mistakes Kaggle Competitors Should Avoid},
	Url = {http://netprophetblog.blogspot.sg/2015/02/five-small-thoughts-for-kaggle.html},
	Urldate = {16 April 2017},
	Year = {2015}}

@webpage{KG16,
	Author = {Kaggle Inc.},
	Date-Added = {2017-04-16 02:34:24 +0000},
	Date-Modified = {2017-04-17 02:35:30 +0000},
	Month = {March},
	Title = {March Machine Learning Mania 2016},
	Url = {https://www.kaggle.com/c/march-machine-learning-mania-2016},
	Urldate = {16 April 2017},
	Year = {2016}}
